@misc{DHH_leftTheCloud,
  title = {We have left the cloud},
  howpublished = {\url{
                  https://world.hey.com/dhh/we-have-left-the-cloud-251760fb }},
  note = {Accessed: 2024-10-17},
}
@misc{CrowdStrikeGTR2024,
  title = {CROWDSTRIKE 2024 GLOBAL THREAT REPORT},
  howpublished = {\url{ https://www.crowdstrike.com/global-threat-report/}},
  note = {Accessed: 2024-10-17},
}
@misc{MITRE_ScatteredSpider,
  title = {MITRE Scattered Spider},
  howpublished = {\url{ https://attack.mitre.org/groups/G1015/}},
  note = {Accessed: 2024-10-17},
}
@misc{Unit42CloudThreatReport,
  title = {Cloud Threat Report Volume 7, Palo Alto Prisma Cloud and Unit42},
  howpublished = {\url{
                  https://www.paloaltonetworks.com/prisma/unit42-cloud-threat-research
                  }},
  note = {Accessed: 2024-10-17},
}
@misc{CISA_ScattetedSpider,
  title = {CISA Scattered Spider},
  howpublished = {\url{
                  https://www.cisa.gov/news-events/cybersecurity-advisories/aa23-320a
                  }},
  note = {Accessed: 2024-10-17},
}
@misc{TrellixScattetedSpider,
  title = {TrellixScattered Spider The Modus Operandi},
  howpublished = {\url{
                  https://www.trellix.com/blogs/research/scattered-spider-the-modus-operandi/
                  }},
  note = {Accessed: 2024-10-17},
}

@misc{CloudComputingInsider,
  title = {Cloud Security Epic Fails},
  howpublished = {\url{ https://youtu.be/3zsArvBRumY?feature=shared }},
  note = {Accessed: 2024-10-17},
}


@misc{VOXonMGM-Hack,
  title = {The chaotic and cinematic MGM casino hack, explained},
  howpublished = {\url{
                  https://www.vox.com/technology/2023/9/15/23875113/mgm-hack-casino-vishing-cybersecurity-ransomware
                  }},
  note = {Accessed: 2024-10-18},
}


@misc{UHonMGM-ALPHV,
  title = {ALPHV: Hackers Reveal Details of MGM Cyber Attack},
  howpublished = {\url{
                  https://westoahu.hawaii.edu/cyber/global-weekly-exec-summary/alphv-hackers-reveal-details-of-mgm-cyber-attack/
                  }},
  note = {Accessed: 2024-10-18},
}


